@ARTICLE{Springel2005,
   author = {{Springel}, V.},
    title = "{The cosmological simulation code GADGET-2}",
  journal = {\mnras},
   eprint = {astro-ph/0505010},
 keywords = {methods: numerical, galaxies: interactions, dark matter},
     year = 2005,
    month = dec,
   volume = 364,
    pages = {1105-1134},
      doi = {10.1111/j.1365-2966.2005.09655.x},
   adsurl = {http://adsabs.harvard.edu/abs/2005MNRAS.364.1105S},
  adsnote = {Provided by the SAO/NASA Astrophysics Data System}
}

@ARTICLE{Wright2006,
   author = {{Wright}, E.~L.},
    title = "{A Cosmology Calculator for the World Wide Web}",
  journal = {\pasp},
   eprint = {astro-ph/0609593},
 keywords = {Cosmology: Miscellaneous, Methods: Miscellaneous},
     year = 2006,
    month = dec,
   volume = 118,
    pages = {1711-1715},
      doi = {10.1086/510102},
   adsurl = {http://adsabs.harvard.edu/abs/2006PASP..118.1711W},
  adsnote = {Provided by the SAO/NASA Astrophysics Data System}
}


@ARTICLE{Quinn1997,
   author = {{Quinn}, T. and {Katz}, N. and {Stadel}, J. and {Lake}, G.},
    title = "{Time stepping N-body simulations}",
  journal = {ArXiv Astrophysics e-prints},
   eprint = {astro-ph/9710043},
 keywords = {Astrophysics},
     year = 1997,
    month = oct,
   adsurl = {http://adsabs.harvard.edu/abs/1997astro.ph.10043Q},
  adsnote = {Provided by the SAO/NASA Astrophysics Data System}
}

@ARTICLE{Linder2003,
   author = {{Linder}, E.~V. and {Jenkins}, A.},
    title = "{Cosmic structure growth and dark energy}",
  journal = {\mnras},
   eprint = {astro-ph/0305286},
 keywords = {gravitation, methods: numerical, cosmological parameters},
     year = 2003,
    month = dec,
   volume = 346,
    pages = {573-583},
      doi = {10.1046/j.1365-2966.2003.07112.x},
   adsurl = {http://adsabs.harvard.edu/abs/2003MNRAS.346..573L},
  adsnote = {Provided by the SAO/NASA Astrophysics Data System}
}

@book{GSL,
 author = {Gough, Brian},
 title = {GNU Scientific Library Reference Manual - Third Edition},
 year = {2009},
 isbn = {0954612078, 9780954612078},
 edition = {3rd},
 publisher = {Network Theory Ltd.},
}

@ARTICLE{Springel2002,
   author = {{Springel}, V. and {Hernquist}, L.},
    title = "{Cosmological smoothed particle hydrodynamics simulations: the entropy equation}",
  journal = {\mnras},
   eprint = {astro-ph/0111016},
 keywords = {methods: numerical, galaxies: evolution, galaxies: starburst, methods: numerical, galaxies: evolution, galaxies: starburst},
     year = 2002,
    month = jul,
   volume = 333,
    pages = {649-664},
      doi = {10.1046/j.1365-8711.2002.05445.x},
   adsurl = {http://adsabs.harvard.edu/abs/2002MNRAS.333..649S},
  adsnote = {Provided by the SAO/NASA Astrophysics Data System}
}


@BOOK{Peebles1980,
   author = {{Peebles}, P.~J.~E.},
    title = "{The large-scale structure of the universe}",
 keywords = {Cosmology, Galactic Clusters, Galactic Evolution, Universe, Astronomical Models, Correlation, Mass Distribution, Particle Motion, Relativistic Theory, Statistical Distributions},
booktitle = {Research supported by the National Science Foundation.~Princeton, N.J., Princeton University Press, 1980.~435 p.},
     year = 1980,
   adsurl = {http://adsabs.harvard.edu/abs/1980lssu.book.....P},
  adsnote = {Provided by the SAO/NASA Astrophysics Data System}
}



@ARTICLE{Hopkins2013,
   author = {{Hopkins}, P.~F.},
    title = "{A general class of Lagrangian smoothed particle hydrodynamics methods and implications for fluid mixing problems}",
  journal = {\mnras},
archivePrefix = "arXiv",
   eprint = {1206.5006},
 primaryClass = "astro-ph.IM",
 keywords = {hydrodynamics, instabilities, turbulence, methods: numerical, cosmology: theory},
     year = 2013,
    month = feb,
   volume = 428,
    pages = {2840-2856},
      doi = {10.1093/mnras/sts210},
   adsurl = {http://adsabs.harvard.edu/abs/2013MNRAS.428.2840H},
  adsnote = {Provided by the SAO/NASA Astrophysics Data System}
}

@ARTICLE{Price2012,
   author = {{Price}, D.~J.},
    title = "{Smoothed particle hydrodynamics and magnetohydrodynamics}",
  journal = {Journal of Computational Physics},
archivePrefix = "arXiv",
   eprint = {1012.1885},
 primaryClass = "astro-ph.IM",
     year = 2012,
    month = feb,
   volume = 231,
    pages = {759-794},
      doi = {10.1016/j.jcp.2010.12.011},
   adsurl = {http://adsabs.harvard.edu/abs/2012JCoPh.231..759P},
  adsnote = {Provided by the SAO/NASA Astrophysics Data System}
}

@article{Monaghan1997,
title = "SPH and Riemann Solvers",
journal = "Journal of Computational Physics",
volume = "136",
number = "2",
pages = "298 - 307",
year = "1997",
issn = "0021-9991",
doi = "https://doi.org/10.1006/jcph.1997.5732",
url = "http://www.sciencedirect.com/science/article/pii/S0021999197957326",
author = "J.J. Monaghan"
}
@article{Cullen2010,
author = {Cullen, Lee and Dehnen, Walter},
title = {{Inviscid smoothed particle hydrodynamics}},
journal = {Monthly Notices of the Royal Astronomical Society},
year = {2010},
volume = {408},
number = {2},
pages = {669--683},
month = oct,
annote = {14 pages (15 in arXiv), 15 figures, accepted for publication in MNRAS}
}

@article{Morris1997,
author = {Morris, J P and Monaghan, J J},
title = {{A Switch to Reduce SPH Viscosity}},
journal = {Journal of Computational Physics},
year = {1997},
volume = {136},
number = {1},
pages = {41--50},
month = sep
}

@ARTICLE{Springel2010,
   author = {{Springel}, V.},
    title = "{E pur si muove: Galilean-invariant cosmological hydrodynamical simulations on a moving mesh}",
  journal = {\mnras},
archivePrefix = "arXiv",
   eprint = {0901.4107},
 keywords = {methods: numerical, galaxies: interactions, cosmology: dark matter},
     year = 2010,
    month = jan,
   volume = 401,
    pages = {791-851},
      doi = {10.1111/j.1365-2966.2009.15715.x},
   adsurl = {http://adsabs.harvard.edu/abs/2010MNRAS.401..791S},
  adsnote = {Provided by the SAO/NASA Astrophysics Data System}
}

@article{Zennaro2016,
  title={Initial conditions for accurate N-body simulations of massive neutrino cosmologies},
  author={Zennaro, Matteo and Bel, Julien and Villaescusa-Navarro, Francisco and Carbone, Carmelita and Sefusatti, Emiliano and Guzzo, Luigi},
  journal={Monthly Notices of the Royal Astronomical Society},
  volume={466},
  number={3},
  pages={3244--3258},
  year={2016},
  publisher={Oxford University Press}
}

@article{Elbers2020,
    author = "Elbers, Willem and Frenk, Carlos S. and Jenkins, Adrian and Li, Baojiu and Pascoli, Silvia",
    title = "{An optimal nonlinear method for simulating relic neutrinos}",
    eprint = "2010.07321",
    archivePrefix = "arXiv",
    primaryClass = "astro-ph.CO",
    month = "10",
    year = "2020"
}

@ARTICLE{Mangano2005,
       author = {{Mangano}, Gianpiero and {Miele}, Gennaro and {Pastor}, Sergio and {Pinto}, Teguayco and {Pisanti}, Ofelia and {Serpico}, Pasquale D.},
        title = "{Relic neutrino decoupling including flavour oscillations}",
      journal = {Nuclear Physics B},
     keywords = {High Energy Physics - Phenomenology, Astrophysics},
         year = 2005,
        month = nov,
       volume = {729},
       number = {1-2},
        pages = {221-234},
          doi = {10.1016/j.nuclphysb.2005.09.041},
archivePrefix = {arXiv},
       eprint = {hep-ph/0506164},
 primaryClass = {hep-ph},
       adsurl = {https://ui.adsabs.harvard.edu/abs/2005NuPhB.729..221M},
      adsnote = {Provided by the SAO/NASA Astrophysics Data System}
}

@ARTICLE{Lesgourgues2011,
       author = {{Lesgourgues}, Julien and {Tram}, Thomas},
        title = "{The Cosmic Linear Anisotropy Solving System (CLASS) IV: efficient implementation of non-cold relics}",
      journal = {\jcap},
     keywords = {Astrophysics - Cosmology and Nongalactic Astrophysics},
         year = 2011,
        month = sep,
       volume = {2011},
       number = {9},
          eid = {032},
        pages = {032},
          doi = {10.1088/1475-7516/2011/09/032},
archivePrefix = {arXiv},
       eprint = {1104.2935},
 primaryClass = {astro-ph.CO},
       adsurl = {https://ui.adsabs.harvard.edu/abs/2011JCAP...09..032L},
      adsnote = {Provided by the SAO/NASA Astrophysics Data System}
}
